<record><leader>00000cas a22000007a 4500</leader><controlfield tag="001">17154916</controlfield><controlfield tag="008">871201d18471851pauwr ne      0    0eng d</controlfield><datafield ind1=" " ind2=" " tag="010"><subfield code="a">sn 87078549 </subfield></datafield><datafield ind1=" " ind2=" " tag="040"><subfield code="a">NPH</subfield><subfield code="b">eng</subfield><subfield code="c">NPH</subfield><subfield code="d">OCLCQ</subfield></datafield><datafield ind1=" " ind2=" " tag="042"><subfield code="a">msc</subfield></datafield><datafield ind1="0" ind2="0" tag="245"><subfield code="a">Carbon County gazette and Mauch Chunk courier.</subfield></datafield><datafield ind1="3" ind2="0" tag="246"><subfield code="a">Carbon County gazette</subfield></datafield><datafield ind1=" " ind2=" " tag="260"><subfield code="a">Mauch Chunk [i.e. Jim Thorpe], Pa. :</subfield><subfield code="b">[s.n.],</subfield><subfield code="c">1847-1851.</subfield></datafield><datafield ind1=" " ind2=" " tag="300"><subfield code="a">3 v. :</subfield><subfield code="b">ill. ;</subfield><subfield code="c">54 cm.</subfield></datafield><datafield ind1=" " ind2=" " tag="310"><subfield code="a">Weekly</subfield></datafield><datafield ind1="0" ind2=" " tag="362"><subfield code="a">New ser. v. 4, no. 1 (July 8, 1847)- ; -v. 7, no. 16 (May 1, 1851).</subfield></datafield><datafield ind1=" " ind2=" " tag="500"><subfield code="a">Published every Thursday morning.</subfield></datafield><datafield ind1=" " ind2=" " tag="500"><subfield code="a">Editor: T.L. Foster.</subfield></datafield><datafield ind1=" " ind2=" " tag="515"><subfield code="a">Issues for -May 1, 1851 called also -whole no. 501.</subfield></datafield><datafield ind1=" " ind2=" " tag="525"><subfield code="a">Supplements accompany some issues.</subfield></datafield><datafield ind1=" " ind2=" " tag="752"><subfield code="a">United States</subfield><subfield code="b">Pennsylvania</subfield><subfield code="c">Carbon</subfield><subfield code="d">Jim Thorpe.</subfield></datafield><datafield ind1=" " ind2=" " tag="752"><subfield code="a">United States</subfield><subfield code="b">Pennsylvania</subfield><subfield code="c">Carbon</subfield><subfield code="d">Mauch Chunk.</subfield></datafield><datafield ind1="0" ind2="4" tag="780"><subfield code="t">Carbon County gazette (Jim Thorpe, Pa. : 1844)</subfield><subfield code="w">(DLC)sn 87078556</subfield></datafield><datafield ind1="0" ind2="4" tag="780"><subfield code="t">Mauch Chunk courier</subfield><subfield code="w">(DLC)sn 86071933</subfield></datafield><datafield ind1="0" ind2="0" tag="785"><subfield code="t">Carbon County gazette (Jim Thorpe, Pa. : 1851)</subfield><subfield code="w">(DLC)sn 86053623</subfield></datafield><datafield ind1="1" ind2=" " tag="029"><subfield code="a">AU@</subfield><subfield code="b">000025809052</subfield></datafield></record>